@article{finkel,
  author = {Finkel, J. R., Grenager, T. and Manning, C.},
  title = {Incorporating non-local information into information extraction systems by gibbs sampling},
  year = {2005},
  journal = {Proceedings of the 43rd annual meeting on association for computational linguistic},
  pages = {363--370}
}

@online{kelly,
  author = {Kelly, S.},
  title = {NLP Compromise: Natural language processing in javascript},
  year = {2016},
  url = {https://github.com/nlpcompromise/compromise}
}

@online{srivastava,
  author = {Srivastava, N.},
  title = {ner: Client for Stanford Named Entity Reconginiton},
  year = {2016},
  url = {https://github.com/niksrc/ner}
}

@online{ukda,
  author = {UK Data Service},
  title = {ukds.tools.textAnonHelper / Home [BitBucket Wiki]},
  url = {https://bitbucket.org/ukda/ukds.tools.textanonhelper/wiki/Home}
}

@article{warmelink,
  author = {Warmelink, L., Vrij, A., Mann, S., and Granhag, P. A},
  title = {Spatial and temporal details in intentions: A cue to detecting deception},
  journal = {Applied Cognitive Psychology},
  volume = {27},
  year = {2013},
  pages = {101--106}
}